% bibtex format exported from ACM: http://portal.acm.org/citation.cfm?id=1460318
@inproceedings{Kelley:1959:CPS:1460299.1460318,
 author = {Kelley,Jr, James E. and Walker, Morgan R.},
 title = {Critical-path planning and scheduling},
 booktitle = {Papers presented at the December 1-3, 1959, eastern joint IRE-AIEE-ACM computer conference},
 series = {IRE-AIEE-ACM '59 (Eastern)},
 year = {1959},
 location = {Boston, Massachusetts},
 pages = {160--173},
 numpages = {14},
 url = {http://doi.acm.org/10.1145/1460299.1460318},
 doi = {http://doi.acm.org/10.1145/1460299.1460318},
 acmid = {1460318},
 publisher = {ACM},
 address = {New York, NY, USA},
}
@PROCEEDINGS{proceedings_of_the_eastern_joint_computer_conference_1959,
	EDITOR		= "UNKNOWN",
	TITLE		= "Proceedings of the Eastern Joint Computer Conference",
	PUBLISHER	= "UNKNOWN",
	ADDRESS		= "UNKNOWN",
	YEAR		= 1959,
	NOTE		= ""
}

@UNPUBLISHED{bibtex.a,
   author = "Oren Patashnik",
   title = "my title",
   note = "Documentation for general BibTeX users",
   month = "8$^{th}$~" # feb,
   language = "USenglish",
   year = 1988, }
